<?xml version="1.0" encoding="UTF-8"?><collection xmlns="http://www.loc.gov/MARC21/slim"><record><leader>00480nam--2200181-i-4500</leader><controlfield tag="001">000033187</controlfield><controlfield tag="002">20161230</controlfield><controlfield tag="005">20161230201039</controlfield><controlfield tag="008">060222s1000------------r-----000-0-rum-d</controlfield><datafield ind1=" " ind2=" " tag="040"><subfield code="a">IFIN-HH</subfield></datafield><datafield ind1=" " ind2=" " tag="041"><subfield code="a">rum</subfield></datafield><datafield ind1=" " ind2=" " tag="080"><subfield code="a">535:53.08</subfield></datafield><datafield ind1="1" ind2=" " tag="100"><subfield code="a">Moisil, Diana Si Moisil, George C</subfield></datafield><datafield ind1="1" ind2="0" tag="245"><subfield code="a">Teoria si practica elipsometriei</subfield><subfield code="c">Diana Moisil; George C. Moisil</subfield></datafield><datafield ind1=" " ind2=" " tag="260"><subfield code="a">Bucuresti, Ed.Tehnica, 1973</subfield></datafield><datafield ind1=" " ind2=" " tag="300"><subfield code="a">253p</subfield></datafield><datafield ind1=" " ind2=" " tag="852"><subfield code="a">39271</subfield><subfield code="c">535</subfield></datafield><datafield ind1=" " ind2=" " tag="CAT"><subfield code="a">Sys</subfield><subfield code="c">20100512</subfield><subfield code="h">094403</subfield></datafield></record></collection>